@misc{eclipseatk,
    author = {Ethan Heilman. Alison Kendler, Aviv Zohar, Sharon Goldberg},
    title = {Eclipse Attacks on Bitcoin’s Peer-to-Peer Network},
    howpublished = {Cryptology ePrint Archive, Report 2015/263},
    year = {2015},
    note = {\url{https://eprint.iacr.org/2015/263}},
}

  
@InProceedings{decentrbootstrapp2p,
author="Dinger, Jochen
and Waldhorst, Oliver P.",
editor="Fratta, Luigi
and Schulzrinne, Henning
and Takahashi, Yutaka
and Spaniol, Otto",
title="Decentralized Bootstrapping of P2P Systems: A Practical View",
booktitle="NETWORKING 2009",
year="2009",
publisher="Springer Berlin Heidelberg",
address="Berlin, Heidelberg",
pages="703--715",
isbn="978-3-642-01399-7"
}

@INPROCEEDINGS{localityaware,
  author={Cramer, C. and Kutzner, K. and Fuhrmann, T.},
  booktitle={Proceedings. 2004 12th IEEE International Conference on Networks (ICON 2004) (IEEE Cat. No.04EX955)}, 
  title={Bootstrapping locality-aware P2P networks}, 
  year={2004},
  volume={1},
  number={},
  pages={357-361 vol.1},
  doi={10.1109/ICON.2004.1409169}}
  
 @ARTICLE{toucedafakeboot,
  author={Touceda, Diego Suarez and Sierra, Jose M. and Izquierdo, Antonio and Schulzrinne, Henning},
  journal={IEEE Communications Surveys   Tutorials}, 
  title={Survey of Attacks and Defenses on P2PSIP Communications}, 
  year={2012},
  volume={14},
  number={3},
  pages={750-783},
  doi={10.1109/SURV.2011.060711.00152}}
  
@article{mahmoud_netsec_boot,
author = {Mostafa, Mahmoud},
year = {2020},
month = {02},
pages = {767-786},
title = {Bitcoin’s Blockchain Peer-to-Peer Network Security Attacks and Countermeasures},
volume = {13},
journal = {Indian Journal of Science and Technology},
doi = {10.17485/ijst/2020/v13i07/149691}
}


@ARTICLE{completeattacksurvey,

  author={Conti, Mauro and Sandeep Kumar, E. and Lal, Chhagan and Ruj, Sushmita},
  journal={IEEE Communications Surveys   Tutorials}, 
  title={A Survey on Security and Privacy Issues of Bitcoin}, 
  year={2018},
  volume={20},
  number={4},
  pages={3416-3452},
  doi={10.1109/COMST.2018.2842460}}
  
@misc{saad2019attacksurface,
      title={Exploring the Attack Surface of Blockchain: A Systematic Overview}, 
      author={Muhammad Saad and Jeffrey Spaulding and Laurent Njilla and Charles Kamhoua and Sachin Shetty and DaeHun Nyang and Aziz Mohaisen},
      year={2019},
      eprint={1904.03487},
      archivePrefix={arXiv},
      primaryClass={cs.CR}
}

@misc{dotan2020surveychallenges,
      title={Survey on Cryptocurrency Networking: Context, State-of-the-Art, Challenges}, 
      author={Maya Dotan and Yvonne-Anne Pignolet and Stefan Schmid and Saar Tochner and Aviv Zohar},
      year={2020},
      eprint={2008.08412},
      archivePrefix={arXiv},
      primaryClass={cs.NI}
}

@INPROCEEDINGS{secpermissionlessblock,
  author={Wang, Hao and Ge, Chunpeng and Liu, Zhe},
  booktitle={2021 IEEE Conference on Dependable and Secure Computing (DSC)}, 
  title={On the Security of Permissionless Blockchain Systems: Challenges and Research Perspective}, 
  year={2021},
  volume={},
  number={},
  pages={1-8},
  doi={10.1109/DSC49826.2021.9346243}}
  
@misc{biryukov2014deanonymisation,
      title={Deanonymisation of clients in Bitcoin P2P network}, 
      author={Alex Biryukov and Dmitry Khovratovich and Ivan Pustogarov},
      year={2014},
      eprint={1405.7418},
      archivePrefix={arXiv},
      primaryClass={cs.CR}
}

@misc{selfishmining,
      title={Majority is not Enough: Bitcoin Mining is Vulnerable}, 
      author={Ittay Eyal and Emin Gun Sirer},
      year={2013},
      eprint={1311.0243},
      archivePrefix={arXiv},
      primaryClass={cs.CR}
}

@misc{leelavimolsilp2018selfish,
      title={On the Preliminary Investigation of Selfish Mining Strategy with Multiple Selfish Miners}, 
      author={Tin Leelavimolsilp and Long Tran-Thanh and Sebastian Stein},
      year={2018},
      eprint={1802.02218},
      archivePrefix={arXiv},
      primaryClass={cs.MA}
}

@misc{profitabilityselfish,
      title={On profitability of selfish mining}, 
      author={Cyril Grunspan and Ricardo Pérez-Marco},
      year={2019},
      eprint={1805.08281},
      archivePrefix={arXiv},
      primaryClass={cs.GT}
}

@INPROCEEDINGS{stubborn,
  author={Nayak, Kartik and Kumar, Srijan and Miller, Andrew and Shi, Elaine},
  booktitle={2016 IEEE European Symposium on Security and Privacy (EuroS P)}, 
  title={Stubborn Mining: Generalizing Selfish Mining and Combining with an Eclipse Attack}, 
  year={2016},
  volume={},
  number={},
  pages={305-320},
  doi={10.1109/EuroSP.2016.32}}


@inproceedings{sybilatk,
author = {Douceur, John R.},
title = {The Sybil Attack},
year = {2002},
isbn = {3540441794},
publisher = {Springer-Verlag},
address = {Berlin, Heidelberg},
booktitle = {Revised Papers from the First International Workshop on Peer-to-Peer Systems},
pages = {251–260},
numpages = {10},
series = {IPTPS '01}
}

@Article{51atk,
AUTHOR = {Sayeed, Sarwar and Marco-Gisbert, Hector},
TITLE = {Assessing Blockchain Consensus and Security Mechanisms against the 51% Attack},
JOURNAL = {Applied Sciences},
VOLUME = {9},
YEAR = {2019},
NUMBER = {9},
ARTICLE-NUMBER = {1788},
URL = {https://www.mdpi.com/2076-3417/9/9/1788},
ISSN = {2076-3417},
DOI = {10.3390/app9091788}
}

@inproceedings{doublespendfastpay,
author = {Karame, Ghassan O. and Androulaki, Elli and Capkun, Srdjan},
title = {Double-Spending Fast Payments in Bitcoin},
year = {2012},
isbn = {9781450316514},
publisher = {Association for Computing Machinery},
address = {New York, NY, USA},
url = {https://doi.org/10.1145/2382196.2382292},
doi = {10.1145/2382196.2382292},
booktitle = {Proceedings of the 2012 ACM Conference on Computer and Communications Security},
pages = {906–917},
numpages = {12},
keywords = {fast payments, double-spending, countermeasures, bitcoin},
location = {Raleigh, North Carolina, USA},
series = {CCS '12}
}

  


